<?xml version="1.0" encoding="UTF-8"?><collection xmlns="http://www.loc.gov/MARC21/slim"><record><leader>00487nam--2200133-i-4500</leader><controlfield tag="001">000045756</controlfield><controlfield tag="002">20161230</controlfield><controlfield tag="005">20161230201045</controlfield><controlfield tag="008">060222s1000------------r-----000-0-eng-d</controlfield><datafield ind1=" " ind2=" " tag="080"><subfield code="a">029.75:512.1/.2</subfield></datafield><datafield ind1=" " ind2=" " tag="100"><subfield code="a">Vacquant, Ch</subfield></datafield><datafield ind1=" " ind2=" " tag="245"><subfield code="a">Lecons, d`algebre elementaire. a l`usage des candidats au baccalaureat es sciences et aux ecoles du gouvernement. onzieme edition revue, corrigee et suivi d`un complement sur les determinants</subfield></datafield><datafield ind1=" " ind2=" " tag="260"><subfield code="a">Paris, Ch.Delagrave, 1894, 655p</subfield></datafield><datafield ind1=" " ind2=" " tag="852"><subfield code="a">3262</subfield></datafield></record></collection>